@article{Hasan2012IntegratedAA,
  title={Integrated and autonomic cloud resource scaling},
  author={Masum Z. Hasan and Edgar Magana and Alexander Clemm and Lew Tucker and Sree Lakshmi D. Gudreddi},
  journal={2012 IEEE Network Operations and Management Symposium},
  year={2012},
  pages={1327-1334}
}

@inproceedings{Dutreilh2010From,
author={X. Dutreilh and A. Moreau and J. Malenfant and N. Rivierre and I. Truck},
booktitle={2010 IEEE 3rd International Conference on Cloud Computing},
title={From Data Center Resource Allocation to Control Theory and Back},
year={2010},
volume={},
number={},
pages={410-417},
doi={10.1109/CLOUD.2010.55},
ISSN={2159-6182},
month={July}
}

@misc{RightScale,
author = {RightScale},
title = {Set up Autoscaling using Voting Tags},
year = {2018},
url = {http://support.rightscale.com/12-Guides/Dashboard_Users_Guide/Manage/Arrays/Actions/Set_up_Autoscaling_using_Voting_Tags/},
note = {Accessed June 20, 2018}
}

@inproceedings{Herbst:2013,
 author = {Herbst, Nikolas Roman and Huber, Nikolaus and Kounev, Samuel and Amrehn, Erich},
 title = {Self-adaptive Workload Classification and Forecasting for Proactive Resource Provisioning},
 booktitle = {Proceedings of the 4th ACM/SPEC International Conference on Performance Engineering},
 series = {ICPE '13},
 year = {2013},
 isbn = {978-1-4503-1636-1},
 location = {Prague, Czech Republic},
 pages = {187--198},
 numpages = {12},
 url = {http://doi.acm.org/10.1145/2479871.2479899},
 doi = {10.1145/2479871.2479899},
 acmid = {2479899},
 publisher = {ACM},
 address = {New York, NY, USA}
}

@Inbook{Herbst:2017,
author="Herbst, Nikolas
and Amin, Ayman
and Andrzejak, Artur
and Grunske, Lars
and Kounev, Samuel
and Mengshoel, Ole J.
and Sundararajan, Priya",
editor="Kounev, Samuel
and Kephart, Jeffrey O.
and Milenkoski, Aleksandar
and Zhu, Xiaoyun",
title="Online Workload Forecasting",
bookTitle="Self-Aware Computing Systems",
year="2017",
publisher="Springer International Publishing",
address="Cham",
pages="529--553",
isbn="978-3-319-47474-8",
doi="10.1007/978-3-319-47474-8_18",
url="https://doi.org/10.1007/978-3-319-47474-8_18"
}

@article{JSSv027i03,
author = {Rob Hyndman and Yeasmin Khandakar},
title = {Automatic Time Series Forecasting: The forecast Package for R},
journal = {Journal of Statistical Software, Articles},
volume = {27},
number = {3},
year = {2008},
issn = {1548-7660},
pages = {1--22},
doi = {10.18637/jss.v027.i03},
url = {https://www.jstatsoft.org/v027/i03}
}

@article{Alysha2011,
author = {Alysha M. De Livera and Rob J. Hyndman and Ralph D. Snyder},
title = {Forecasting Time Series With Complex Seasonal Patterns Using Exponential Smoothing},
journal = {Journal of the American Statistical Association},
volume = {106},
number = {496},
pages = {1513-1527},
year  = {2011},
publisher = {Taylor & Francis},
doi = {10.1198/jasa.2011.tm09771},
URL = {https://doi.org/10.1198/jasa.2011.tm09771}
}

@inproceedings{Tesauro2006,
author={G. Tesauro and N. K. Jong and R. Das and M. N. Bennani},
booktitle={2006 IEEE International Conference on Autonomic Computing},
title={A Hybrid Reinforcement Learning Approach to Autonomic Resource Allocation},
year={2006},
volume={},
number={},
pages={65-73},
doi={10.1109/ICAC.2006.1662383},
ISSN={},
month={June}
}

@inproceedings{Rao:2009:VRL,
 author = {Rao, Jia and Bu, Xiangping and Xu, Cheng-Zhong and Wang, Leyi and Yin, George},
 title = {VCONF: A Reinforcement Learning Approach to Virtual Machines Auto-configuration},
 booktitle = {Proceedings of the 6th International Conference on Autonomic Computing},
 series = {ICAC '09},
 year = {2009},
 isbn = {978-1-60558-564-2},
 location = {Barcelona, Spain},
 pages = {137--146},
 numpages = {10},
 url = {http://doi.acm.org/10.1145/1555228.1555263},
 doi = {10.1145/1555228.1555263},
 acmid = {1555263},
 publisher = {ACM},
 address = {New York, NY, USA}
} 

@book{rlIntro,
author={Richard S. Sutton and  Andrew G. Barto},
title={Reinforcement Learning: An Introduction},
year={1998},
publisher={The MIT Press},
month={February},
edition={2},
isbn={0262193981}
}

@inproceedings{Heinze:2014,
author={T. Heinze and V. Pappalardo and Z. Jerzak and C. Fetzer},
booktitle={2014 IEEE 30th International Conference on Data Engineering Workshops},
title={Auto-scaling techniques for elastic data stream processing},
year={2014},
volume={},
number={},
pages={296-302},
doi={10.1109/ICDEW.2014.6818344},
ISSN={},
month={March}
}

@article{Grandl:2014:MPC,
 author = {Grandl, Robert and Ananthanarayanan, Ganesh and Kandula, Srikanth and Rao, Sriram and Akella, Aditya},
 title = {Multi-resource Packing for Cluster Schedulers},
 journal = {SIGCOMM Comput. Commun. Rev.},
 issue_date = {October 2014},
 volume = {44},
 number = {4},
 month = August,
 year = {2014},
 issn = {0146-4833},
 pages = {455--466},
 numpages = {12},
 url = {http://doi.acm.org/10.1145/2740070.2626334},
 doi = {10.1145/2740070.2626334},
 acmid = {2626334},
 publisher = {ACM},
 address = {New York, NY, USA}
} 

@inproceedings{Herodotou:2011,
author = {Herodotou, Herodotos and Babu, Shivnath},
year = {2011},
month = {01},
pages = {1111-1122},
title = {Profiling, What-if Analysis, and Cost-based Optimization of MapReduce Programs},
volume = {4},
booktitle = {Proceedings of the VLDB Endowment}
}

@article{Enda:2012,
author = {Barrett Enda and Howley Enda and Duggan Jim},
title = {Applying reinforcement learning towards automating resource allocation and application scalability in the cloud},
journal = {Concurrency and Computation: Practice and Experience},
volume = {25},
number = {12},
year={2012},
month={May},
pages = {1656-1674},
doi = {10.1002/cpe.2864},
url = {https://onlinelibrary.wiley.com/doi/abs/10.1002/cpe.2864}
}